@article{chizat2018lazy,
  title={On lazy training in differentiable programming},
  author={Chizat, Lenaic and Oyallon, Edouard and Bach, Francis},
  journal={arXiv preprint arXiv:1812.07956},
  year={2018}
}
@article{chizat2018note,
  title={A note on lazy training in supervised differentiable programming},
  author={Chizat, Lenaic and Bach, Francis},
  journal={arXiv preprint arXiv:1812.07956},
  volume={8},
  year={2018}
}
@article{jacot2018neural,
  title={Neural tangent kernel: Convergence and generalization in neural networks},
  author={Jacot, Arthur and Gabriel, Franck and Hongler, Cl{\'e}ment},
  journal={arXiv preprint arXiv:1806.07572},
  year={2018}
}
@misc{wibisono2016,
   author={Wibisono, Andre},
   title={Gradient flow and gradient descent},
   editor={GitHub Pages},
   month={July},
   year={2016},
   howpublished = "\url{http://awibisono.github.io/2016/06/13/gradient-flow-gradient-descent.html}"
 }
 @inproceedings{woodworth2020kernel,
  title={Kernel and rich regimes in overparametrized models},
  author={Woodworth, Blake and Gunasekar, Suriya and Lee, Jason D and Moroshko, Edward and Savarese, Pedro and Golan, Itay and Soudry, Daniel and Srebro, Nathan},
  booktitle={Conference on Learning Theory},
  pages={3635--3673},
  year={2020},
  organization={PMLR}
}